%YAML 1.1
%TAG !u! tag:unity3d.com,2011:
--- !u!1 &3385614040637867286
GameObject:
  m_ObjectHideFlags: 0
  m_CorrespondingSourceObject: {fileID: 0}
  m_PrefabInstance: {fileID: 0}
  m_PrefabAsset: {fileID: 0}
  serializedVersion: 6
  m_Component:
  - component: {fileID: 3380619991442312506}
  - component: {fileID: 3365210318314196420}
  - component: {fileID: 3448151737908797156}
  - component: {fileID: 3405361253193730366}
  - component: {fileID: 3418150890220617238}
  - component: {fileID: 3417663975071154780}
  m_Layer: 0
  m_Name: MainCamera
  m_TagString: MainCamera
  m_Icon: {fileID: 0}
  m_NavMeshLayer: 0
  m_StaticEditorFlags: 0
  m_IsActive: 1
--- !u!4 &3380619991442312506
Transform:
  m_ObjectHideFlags: 0
  m_CorrespondingSourceObject: {fileID: 0}
  m_PrefabInstance: {fileID: 0}
  m_PrefabAsset: {fileID: 0}
  m_GameObject: {fileID: 3385614040637867286}
  m_LocalRotation: {x: 0, y: 0, z: 0, w: 1}
  m_LocalPosition: {x: 0, y: 0.6, z: 0}
  m_LocalScale: {x: 1, y: 1, z: 1}
  m_Children: []
  m_Father: {fileID: 0}
  m_RootOrder: 0
  m_LocalEulerAnglesHint: {x: 0, y: 0, z: 0}
--- !u!20 &3365210318314196420
Camera:
  m_ObjectHideFlags: 0
  m_CorrespondingSourceObject: {fileID: 0}
  m_PrefabInstance: {fileID: 0}
  m_PrefabAsset: {fileID: 0}
  m_GameObject: {fileID: 3385614040637867286}
  m_Enabled: 1
  serializedVersion: 2
  m_ClearFlags: 2
  m_BackGroundColor: {r: 0.6792453, g: 0.6792453, b: 0.6792453, a: 0.019607844}
  m_projectionMatrixMode: 1
  m_GateFitMode: 2
  m_FOVAxisMode: 0
  m_SensorSize: {x: 36, y: 24}
  m_LensShift: {x: 0, y: 0}
  m_FocalLength: 50
  m_NormalizedViewPortRect:
    serializedVersion: 2
    x: 0
    y: 0
    width: 1
    height: 1
  near clip plane: 0.3
  far clip plane: 1000
  field of view: 30
  orthographic: 0
  orthographic size: 11
  m_Depth: 0
  m_CullingMask:
    serializedVersion: 2
    m_Bits: 4294967295
  m_RenderingPath: -1
  m_TargetTexture: {fileID: 0}
  m_TargetDisplay: 0
  m_TargetEye: 3
  m_HDR: 0
  m_AllowMSAA: 1
  m_AllowDynamicResolution: 0
  m_ForceIntoRT: 0
  m_OcclusionCulling: 1
  m_StereoConvergence: 10
  m_StereoSeparation: 0.022
--- !u!81 &3448151737908797156
AudioListener:
  m_ObjectHideFlags: 0
  m_CorrespondingSourceObject: {fileID: 0}
  m_PrefabInstance: {fileID: 0}
  m_PrefabAsset: {fileID: 0}
  m_GameObject: {fileID: 3385614040637867286}
  m_Enabled: 1
--- !u!124 &3405361253193730366
Behaviour:
  m_ObjectHideFlags: 0
  m_CorrespondingSourceObject: {fileID: 0}
  m_PrefabInstance: {fileID: 0}
  m_PrefabAsset: {fileID: 0}
  m_GameObject: {fileID: 3385614040637867286}
  m_Enabled: 1
--- !u!114 &3418150890220617238
MonoBehaviour:
  m_ObjectHideFlags: 0
  m_CorrespondingSourceObject: {fileID: 0}
  m_PrefabInstance: {fileID: 0}
  m_PrefabAsset: {fileID: 0}
  m_GameObject: {fileID: 3385614040637867286}
  m_Enabled: 1
  m_EditorHideFlags: 0
  m_Script: {fileID: 11500000, guid: e89654dcf6db746d2a57aeaaa14f5e83, type: 3}
  m_Name: 
  m_EditorClassIdentifier: 
  settings:
    intensity: 0.8
    radius: 0.12
    sampleCount: 3
    sampleCountValue: 24
    downsampling: 0
    ambientOnly: 0
    occlusionSource: 1
    debug: 0
  _aoShader: {fileID: 4800000, guid: 65e203e5acda447acbf9dc1ef78c4a39, type: 3}
  _quadMesh: {fileID: 10210, guid: 0000000000000000e000000000000000, type: 0}
--- !u!114 &3417663975071154780
MonoBehaviour:
  m_ObjectHideFlags: 0
  m_CorrespondingSourceObject: {fileID: 0}
  m_PrefabInstance: {fileID: 0}
  m_PrefabAsset: {fileID: 0}
  m_GameObject: {fileID: 3385614040637867286}
  m_Enabled: 1
  m_EditorHideFlags: 0
  m_Script: {fileID: 11500000, guid: ff5335a7357baa3489a469d0ca0f40f3, type: 3}
  m_Name: 
  m_EditorClassIdentifier: 
  distortion:
    enabled: 0
    amount: 0
    centerX: 0
    centerY: 0
    amountX: 1
    amountY: 1
    scale: 1
  vignette:
    enabled: 1
    color: {r: 0, g: 0, b: 0, a: 1}
    center: {x: 0.5, y: 0.5}
    intensity: 0.72
    smoothness: 0.8
    roundness: 1
    blur: 0
    desaturate: 0
  chromaticAberration:
    enabled: 0
    color: {r: 0, g: 1, b: 0, a: 1}
    amount: 0
  m_Shader: {fileID: 4800000, guid: 136ab50fe2b9ad64d9c22adc3668abb7, type: 3}
